@article{Unikernels,
    author = {Madhavapeddy, Anil and Mortier, Richard and Rotsos, Charalampos and Scott, David and Singh, Balraj and Gazagnaire, Thomas and Smith, Steven and Hand, Steven and Crowcroft, Jon},
    title = {Unikernels: Library Operating Systems for the Cloud},
    journal = {SIGPLAN Not.},
    issue_date = {April 2013},
    volume = {48},
    number = {4},
    month = mar,
    year = {2013},
    issn = {0362-1340},
    pages = {461--472},
    numpages = {12},
    url = {http://doi.acm.org/10.1145/2499368.2451167},
    doi = {10.1145/2499368.2451167},
    acmid = {2451167},
    publisher = {ACM},
    address = {New York, NY, USA},
    keywords = {functional programming, hypervisor, microkernel},
}

@misc{EC2Amount,
    howpublished = {\url{http://www.zdnet.com/article/amazon-ec2-cloud-is-made-up-of-almost-half-a-million-linux-servers/}},
    title = {Amazon EC2 cloud is made up of almost half-a-million Linux servers},
    author = {Steven J. Vaughan-Nichols},
    publisher = {ZDNet}
}

@misc{MirageOSWeb,
    howpublished = {\url{https://mirage.io/}},
    title = {MirageOS},
}

@misc{LinuxVServer,
    howpublished = {\url{http://linux-vserver.org/Welcome_to_Linux-VServer.org}},
    title = {Welcome to Linux-VServer.org},
}

@inproceedings{ZooKeeper,
    author = {Hunt, Patrick and Konar, Mahadev and Junqueira, Flavio P. and Reed, Benjamin},
    title = {ZooKeeper: Wait-free Coordination for Internet-scale Systems},
    booktitle = {Proceedings of the 2010 USENIX Conference on USENIX Annual Technical Conference},
    series = {USENIXATC'10},
    year = {2010},
    location = {Boston, MA},
    pages = {11--11},
    numpages = {1},
    publisher = {USENIX Association},
    address = {Berkeley, CA, USA},
}

@inproceedings{Raft,
    author = {Diego Ongaro and John Ousterhout},
    title = {In Search of an Understandable Consensus Algorithm},
    booktitle = {Proceedings of the 2014 USENIX Conference on USENIX Annual Technical Conference},
    series = {USENIXATC'14},
    year = {2014},
    location = {Philedelphia, PA},
    pages = {305-319},
    numpages = {14},
    publisher = {USENIX Association},
    address = {Berkeley, CA, USA},
}

@article{Containers,
    author = {Soltesz, Stephen and P\"{o}tzl, Herbert and Fiuczynski, Marc E. and Bavier, Andy and Peterson, Larry},
    title = {Container-based Operating System Virtualization: A Scalable, High-performance Alternative to Hypervisors},
    journal = {SIGOPS Oper. Syst. Rev.},
    issue_date = {June 2007},
    volume = {41},
    number = {3},
    month = mar,
    year = {2007},
    issn = {0163-5980},
    pages = {275--287},
    numpages = {13},
    url = {http://doi.acm.org/10.1145/1272998.1273025},
    doi = {10.1145/1272998.1273025},
    acmid = {1273025},
    publisher = {ACM},
    address = {New York, NY, USA},
    keywords = {Linux-VServer, Xen, alternative, container, hypervisor, operating, system, virtualization},
}

@inproceedings{Chubby,
    author = {Burrows, Mike},
    title = {The Chubby Lock Service for Loosely-coupled Distributed Systems},
    booktitle = {Proceedings of the 7th Symposium on Operating Systems Design and Implementation},
    series = {OSDI '06},
    year = {2006},
    isbn = {1-931971-47-1},
    location = {Seattle, Washington},
    pages = {335--350},
    numpages = {16},
    publisher = {USENIX Association},
    address = {Berkeley, CA, USA},
}

@misc{ViewstampedReplication,
    author = {Barbara Liskov and James Cowling},
    title = {Viewstamped Replication Revisted},
    year = {2012},
    publisher = {MIT},
}

@article{Paxos,
    author = {Lamport, Leslie},
    title = {The Part-time Parliament},
    journal = {ACM Trans. Comput. Syst.},
    issue_date = {May 1998},
    volume = {16},
    number = {2},
    month = may,
    year = {1998},
    issn = {0734-2071},
    pages = {133--169},
    numpages = {37},
    url = {http://doi.acm.org/10.1145/279227.279229},
    doi = {10.1145/279227.279229},
    acmid = {279229},
    publisher = {ACM},
    address = {New York, NY, USA},
    keywords = {state machines, three-phase commit, voting},
}

@inproceedings{MapReduce,
 author = {Dean, Jeffrey and Ghemawat, Sanjay},
 title = {MapReduce: Simplified Data Processing on Large Clusters},
 booktitle = {Proceedings of the 6th Conference on Symposium on Opearting Systems Design \& Implementation - Volume 6},
 series = {OSDI'04},
 year = {2004},
 location = {San Francisco, CA},
 pages = {10--10},
 numpages = {1},
 url = {http://dl.acm.org/citation.cfm?id=1251254.1251264},
 acmid = {1251264},
 publisher = {USENIX Association},
 address = {Berkeley, CA, USA},
}

@misc{VirtualizationGrowth,
    title = {Virtualization - a look to the future},
    author = {Bill Kleyman},
    publisher = {DataCenter Knowledge},
    howpublished = {\url{http://www.datacenterknowledge.com/archives/2015/05/15/virtualization-look-future}},
}

@misc{OSDB,
    title = {The Open Source Database Benchmark},
    howpublished = {\url{http://osdb.sourceforge.net/}},
}

@misc{ContainerGrowth,
    author = {Steven J Vaughan-Nichols},
    title = {Why Containers Instead of Hypervisors?},
    publisher = {Smartbear},
    year = {2014},
    howpublished = {\url{https://blog.smartbear.com/web-monitoring/why-containers-instead-of-hypervisors/}},
}

@misc{GoogleScholarVirtualization,
    year = {2017},
    title = {Virtualization},
    publisher = {Google Scholar},
    howpublished = {\url{https://scholar.google.co.uk/scholar?as_ylo=2017&q=virtualization&hl=en&as_sdt=0,5}},
}

@misc{ApacheZooKeeper,
    year = {2017},
    title = {Apache ZooKeeper\texttrademark},
    publisher = {The Apache Software Foundation},
    howpublished = {\url{https://zookeeper.apache.org/}},
}

@misc{PaxosSearch,
    year = {2017},
    title = {paxos protocol},
    publisher = {Google},
    howpublished = {\url{https://www.google.co.uk/search?client=firefox-b-ab&dcr=0&ei=QCZ3WuWiO8OckgXqi73YDA&q=paxos+protocol&oq=paxos+protocol&gs_l=psy-ab.3..0l2j0i22i30k1l3.152849.153683.0.153851.8.7.0.0.0.0.322.550.2-1j1.2.0....0...1c.1.64.psy-ab..6.2.550....0.x0YHMSouH_E}},
}


@phdthesis{DerekMuller2008,
    author       = {Derek Alexander Muller},
    title        = {Designing Effective Multimedia for Physics Education},
    school       = {School of Physics, University of Sydney, Australia},
    year         = {2008},
}

@misc{RaftRefloated,
    howpublished = {\url{http://www.cl.cam.ac.uk/~ms705/pub/papers/2015-osr-raft.pdf}},
    author = {Heidi Howard and Malte Schwarzkopf and Anil Madhavapeddy and Jon Crowcroft},
    publisher = {The University of Cambridge},
    year = {2014},
    title = {Raft Refloated: Do We Have Consensus?}
}

@misc{RaftIO,
    howpublished = {\url{https://raft.github.io/}},
    title = {The Raft Consensus Algorithm},
    note = {Accessed: 2018-02-05},
}

@misc{LogCabin,
    howpublished = {\url{https://github.com/logcabin/logcabin}},
    title = {LogCabin},
    note = {Accessed: 2018-02-05},
}

@inproceedings{Borg,
    title = {Large-scale cluster management at {Google} with {Borg}},
    author  = {Abhishek Verma and Luis Pedrosa and Madhukar R. Korupolu and David Oppenheimer and Eric Tune and John Wilkes},
    year  = {2015},
    booktitle = {Proceedings of the European Conference on Computer Systems (EuroSys)},
    address = {Bordeaux, France}
}

@misc{Kubernetes,
    title = {Kubernetes},
    howpublished = {\url{https://kubernetes.io/}},
}

@misc{NoMoreMapReduce,
    title = {Google Dumps MapReduce in Favor of New Hyper-Scale Analytics System},
    howpublished = {\url{http://www.datacenterknowledge.com/archives/2014/06/25/google-dumps-mapreduce-favor-new-hyper-scale-analytics-system}},
    author = {Yevgeniy Sverdlik},
}

@misc{Hadoop,
    title = {Welcome to Apache Hadoop!},
    howpublished = {\url{http://hadoop.apache.org/}},
}

@inproceedings{River,
    author = {Arpaci-Dusseau, Remzi H. and Anderson, Eric and Treuhaft, Noah and Culler, David E. and Hellerstein, Joseph M. and Patterson, David and Yelick, Kathy},
    title = {Cluster I/O with River: Making the Fast Case Common},
    booktitle = {Proceedings of the Sixth Workshop on I/O in Parallel and Distributed Systems},
    series = {IOPADS '99},
    year = {1999},
    isbn = {1-58113-123-2},
    location = {Atlanta, Georgia, USA},
    pages = {10--22},
    numpages = {13},
    url = {http://doi.acm.org/10.1145/301816.301823},
    doi = {10.1145/301816.301823},
    acmid = {301823},
    publisher = {ACM},
    address = {New York, NY, USA},
}

@article{NowSort,
    author = {Arpaci-Dusseau, Andrea C. and Arpaci-Dusseau, Remzi H. and Culler, David E. and Hellerstein, Joseph M. and Patterson, David A.},
    title = {High-performance Sorting on Networks of Workstations},
    journal = {SIGMOD Rec.},
    issue_date = {June 1997},
    volume = {26},
    number = {2},
    month = jun,
    year = {1997},
    issn = {0163-5808},
    pages = {243--254},
    numpages = {12},
    url = {http://doi.acm.org/10.1145/253262.253322},
    doi = {10.1145/253262.253322},
    acmid = {253322},
    publisher = {ACM},
    address = {New York, NY, USA},
}

@book{MPI,
    author = {Gropp, William and Lusk, Ewing and Skjellum, Anthony},
    title = {Using MPI: Portable Parallel Programming with the Message-passing Interface},
    year = {1994},
    isbn = {0-262-57104-8},
    publisher = {MIT Press},
    address = {Cambridge, MA, USA},
}

@article{BridgingModelForParallelComputation,
    author = {Valiant, Leslie G.},
    title = {A Bridging Model for Parallel Computation},
    journal = {Commun. ACM},
    issue_date = {Aug. 1990},
    volume = {33},
    number = {8},
    month = aug,
    year = {1990},
    issn = {0001-0782},
    pages = {103--111},
    numpages = {9},
    url = {http://doi.acm.org/10.1145/79173.79181},
    doi = {10.1145/79173.79181},
    acmid = {79181},
    publisher = {ACM},
    address = {New York, NY, USA},
}

@inproceedings{CryptDB,
    author = {Popa, Raluca Ada and Redfield, Catherine M. S. and Zeldovich, Nickolai and Balakrishnan, Hari},
    title = {CryptDB: Protecting Confidentiality with Encrypted Query Processing},
    booktitle = {Proceedings of the Twenty-Third ACM Symposium on Operating Systems Principles},
    series = {SOSP '11},
    year = {2011},
    isbn = {978-1-4503-0977-6},
    location = {Cascais, Portugal},
    pages = {85--100},
    numpages = {16},
    url = {http://doi.acm.org/10.1145/2043556.2043566},
    doi = {10.1145/2043556.2043566},
    acmid = {2043566},
    publisher = {ACM},
    address = {New York, NY, USA},
}
@inproceedings{GhostRider,
    author = {Liu, Chang and Harris, Austin and Maas, Martin and Hicks, Michael and Tiwari, Mohit and Shi, Elaine},
    title = {GhostRider: A Hardware-Software System for Memory Trace Oblivious Computation},
    booktitle = {Proceedings of the Twentieth International Conference on Architectural Support for Programming Languages and Operating Systems},
    series = {ASPLOS '15},
    year = {2015},
    isbn = {978-1-4503-2835-7},
    location = {Istanbul, Turkey},
    pages = {87--101},
    numpages = {15},
    url = {http://doi.acm.org/10.1145/2694344.2694385},
    doi = {10.1145/2694344.2694385},
    acmid = {2694385},
    publisher = {ACM},
    address = {New York, NY, USA},
    keywords = {memory trace obliviousness, oblivious ram, secure type system},
}

@inproceedings{Ryoan,
    author = {Hunt, Tyler and Zhu, Zhiting and Xu, Yuanzhong and Peter, Simon and Witchel, Emmett},
    title = {Ryoan: A Distributed Sandbox for Untrusted Computation on Secret Data},
    booktitle = {Proceedings of the 12th USENIX Conference on Operating Systems Design and Implementation},
    series = {OSDI'16},
    year = {2016},
    isbn = {978-1-931971-33-1},
    location = {Savannah, GA, USA},
    pages = {533--549},
    numpages = {17},
    url = {http://dl.acm.org/citation.cfm?id=3026877.3026919},
    acmid = {3026919},
    publisher = {USENIX Association},
    address = {Berkeley, CA, USA},
}

@inproceedings{PivotTracing,
    author = {Mace, Jonathan and Roelke, Ryan and Fonseca, Rodrigo},
    title = {Pivot Tracing: Dynamic Causal Monitoring for Distributed Systems},
    booktitle = {Proceedings of the 25th Symposium on Operating Systems Principles},
    series = {SOSP '15},
    year = {2015},
    isbn = {978-1-4503-3834-9},
    location = {Monterey, California},
    pages = {378--393},
    numpages = {16},
    url = {http://doi.acm.org/10.1145/2815400.2815415},
    doi = {10.1145/2815400.2815415},
    acmid = {2815415},
    publisher = {ACM},
    address = {New York, NY, USA},
}

@inproceedings{BGI,
    author = {Castro, Miguel and Costa, Manuel and Martin, Jean-Philippe and Peinado, Marcus and Akritidis, Periklis and Donnelly, Austin and Barham, Paul and Black, Richard},
    title = {Fast Byte-granularity Software Fault Isolation},
    booktitle = {Proceedings of the ACM SIGOPS 22Nd Symposium on Operating Systems Principles},
    series = {SOSP '09},
    year = {2009},
    isbn = {978-1-60558-752-3},
    location = {Big Sky, Montana, USA},
    pages = {45--58},
    numpages = {14},
    url = {http://doi.acm.org/10.1145/1629575.1629581},
    doi = {10.1145/1629575.1629581},
    acmid = {1629581},
    publisher = {ACM},
    address = {New York, NY, USA},
    keywords = {device drivers, isolation},
}

@inproceedings{KLEE,
    author = {Cadar, Cristian and Dunbar, Daniel and Engler, Dawson},
    title = {KLEE: Unassisted and Automatic Generation of High-coverage Tests for Complex Systems Programs},
    booktitle = {Proceedings of the 8th USENIX Conference on Operating Systems Design and Implementation},
    series = {OSDI'08},
    year = {2008},
    location = {San Diego, California},
    pages = {209--224},
    numpages = {16},
    url = {http://dl.acm.org/citation.cfm?id=1855741.1855756},
    acmid = {1855756},
    publisher = {USENIX Association},
    address = {Berkeley, CA, USA},
}


@inproceedings{EXE,
    author = {Cadar, Cristian and Ganesh, Vijay and Pawlowski, Peter M. and Dill, David L. and Engler, Dawson R.},
    title = {EXE: Automatically Generating Inputs of Death},
    booktitle = {Proceedings of the 13th ACM Conference on Computer and Communications Security},
    series = {CCS '06},
    year = {2006},
    isbn = {1-59593-518-5},
    location = {Alexandria, Virginia, USA},
    pages = {322--335},
    numpages = {14},
    url = {http://doi.acm.org/10.1145/1180405.1180445},
    doi = {10.1145/1180405.1180445},
    acmid = {1180445},
    publisher = {ACM},
    address = {New York, NY, USA},
    keywords = {attack generation, bug finding, constraint solving, dynamic analysis, symbolic execution, test case generation},
}

